<?xml version="1.0" encoding="UTF-8"?><record xmlns="http://www.loc.gov/MARC21/slim" xmlns:cinclude="http://apache.org/cocoon/include/1.0" xmlns:zs="http://www.loc.gov/zing/srw/">
  <leader>00732cz  a2200193n  4500</leader>
  <controlfield tag="001">n  84100599 </controlfield>
  <controlfield tag="003">DLC</controlfield>
  <controlfield tag="005">20081203080451.0</controlfield>
  <controlfield tag="008">840713n| acannaabn          |b aaa      </controlfield>
  <datafield tag="010" ind1=" " ind2=" ">
    <subfield code="a">n  84100599 </subfield>
  </datafield>
  <datafield tag="035" ind1=" " ind2=" ">
    <subfield code="a">(OCoLC)oca01153804</subfield>
  </datafield>
  <datafield tag="040" ind1=" " ind2=" ">
    <subfield code="a">DLC</subfield>
    <subfield code="b">eng</subfield>
    <subfield code="c">DLC</subfield>
    <subfield code="d">DLC</subfield>
    <subfield code="d">OCoLC</subfield>
  </datafield>
  <datafield tag="100" ind1="1" ind2=" ">
    <subfield code="a">Hasuda, Ichigorō,</subfield>
    <subfield code="d">1833-1861</subfield>
  </datafield>
  <datafield tag="400" ind1="1" ind2=" ">
    <subfield code="a">蓮田一五郎,</subfield>
    <subfield code="d">1833-1861</subfield>
  </datafield>
  <datafield tag="667" ind1=" " ind2=" ">
    <subfield code="a">Machine-derived non-Latin script reference project.</subfield>
  </datafield>
  <datafield tag="667" ind1=" " ind2=" ">
    <subfield code="a">Non-Latin script reference not evaluated.</subfield>
  </datafield>
  <datafield tag="670" ind1=" " ind2=" ">
    <subfield code="a">Tadano, M. Hasuda Ichigorō:</subfield>
    <subfield code="b">t.p. (Hasuda Ichigorō) p. 9 (b. Tenō 4 [1833]) p. 7 (d. 7/26/Bunkyū 1 [1861])</subfield>
  </datafield>
  <datafield tag="670" ind1=" " ind2=" ">
    <subfield code="a">Dai jinmei j.</subfield>
    <subfield code="b">(Hasuda Ichigorō; 1883-1861)</subfield>
  </datafield>
  <datafield tag="670" ind1=" " ind2=" ">
    <subfield code="a">Nihon rekishi d.j.</subfield>
    <subfield code="b">(Hasuda Ichigorō; 1883-1861)</subfield>
  </datafield>
</record>